@book{lutkepohl2013introduction,
  title={Introduction to multiple time series analysis},
  author={L{\"u}tkepohl, Helmut},
  year={2013},
  publisher={Springer Science \& Business Media}
}